<record><leader>00000cas a22000007a 4500</leader><controlfield tag="001">13574650</controlfield><controlfield tag="008">860515u1965uuuunjuwr ne      0    0eng d</controlfield><datafield ind1=" " ind2=" " tag="010"><subfield code="a">sn 85036022 </subfield></datafield><datafield ind1=" " ind2=" " tag="040"><subfield code="a">NPA</subfield><subfield code="b">eng</subfield><subfield code="c">NPA</subfield><subfield code="d">NJW</subfield><subfield code="d">OCLCQ</subfield></datafield><datafield ind1=" " ind2=" " tag="042"><subfield code="a">msc</subfield></datafield><datafield ind1="0" ind2=" " tag="130"><subfield code="a">Times-review (Bergenfield, N.J. : 1965)</subfield></datafield><datafield ind1="1" ind2="0" tag="245"><subfield code="a">Times-review.</subfield></datafield><datafield ind1=" " ind2=" " tag="260"><subfield code="a">Bergenfield, N.J. :</subfield><subfield code="b">[Times-Review],</subfield><subfield code="c">1965-</subfield></datafield><datafield ind1=" " ind2=" " tag="300"><subfield code="a">v. :</subfield><subfield code="b">ill.</subfield></datafield><datafield ind1=" " ind2=" " tag="310"><subfield code="a">Weekly</subfield></datafield><datafield ind1="0" ind2=" " tag="362"><subfield code="a">Vol. 92, no. 39 (Sept. 30, 1965)-</subfield></datafield><datafield ind1=" " ind2=" " tag="530"><subfield code="a">Also issued on microfilm by Rutgers University Library and Norton Micro Images.</subfield></datafield><datafield ind1=" " ind2=" " tag="752"><subfield code="a">United States</subfield><subfield code="b">New Jersey</subfield><subfield code="c">Bergen</subfield><subfield code="d">Bergenfield.</subfield></datafield><datafield ind1="0" ind2="0" tag="780"><subfield code="t">Press journal (Bergenfield, N.J. : 1965 : Region 2 ed.)</subfield><subfield code="w">(DLC)sn 86077156</subfield><subfield code="w">(OCoLC)13574645</subfield></datafield><datafield ind1="1" ind2=" " tag="029"><subfield code="a">AU@</subfield><subfield code="b">000025788059</subfield></datafield></record>